@article{fleming1986not,
    title = {How not to lie with statistics: the correct way to summarize benchmark results},
    author = {Fleming, Philip J and Wallace, John J},
    journal = {Communications of the ACM},
    volume = {29},
    number = {3},
    pages = {218--221},
    year = {1986},
    publisher = {ACM New York, NY, USA}
}

@book{louden2011programming,
    title = {Programming languages: principles and practices},
    author = {Louden, Kenneth C and Lambert, Kenneth A},
    year = {2011},
    publisher = {Cengage Learning}
}

@book{horowitz2012fundamentals,
    title = {Fundamentals of programming languages},
    author = {Horowitz, Ellis},
    year = {2012},
    publisher = {Springer Science \& Business Media}
}

% Figureï¼š Languages-paradigms-and-concepts
@article{van2009programming,
    title = {Programming paradigms for dummies: What every programmer should know},
    author = {Van Roy, Peter and others},
    journal = {New computational paradigms for computer music},
    volume = {104},
    pages = {616--621},
    year = {2009},
    publisher = {IRCAM/Delatour France}
}

@article{sussman1998scheme,
    title = {Scheme: A interpreter for extended lambda calculus},
    author = {Sussman, Gerald Jay and Steele, Guy L},
    journal = {Higher-Order and Symbolic Computation},
    volume = {11},
    number = {4},
    pages = {405--439},
    year = {1998},
    publisher = {Springer}
}

@book{wilkinson2009grid,
    title = {Grid computing: techniques and applications},
    author = {Wilkinson, Barry},
    year = {2009},
    publisher = {Chapman and Hall/CRC}
}

@article{johnson1988designing,
    title = {Designing reusable classes},
    author = {Johnson, Ralph E and Foote, Brian},
    journal = {Journal of object-oriented programming},
    volume = {1},
    number = {2},
    pages = {22--35},
    year = {1988},
    publisher = {Citeseer}
}

@article{cardelli1985understanding,
    title = {On understanding types, data abstraction, and polymorphism},
    author = {Cardelli, Luca and Wegner, Peter},
    journal = {ACM Computing Surveys (CSUR)},
    volume = {17},
    number = {4},
    pages = {471--523},
    year = {1985},
    publisher = {ACM New York, NY, USA}
}

